@book {Simeupsedazione,
title = {Manuale Simeup per la sedazione procedurale in pediatria},
author = {Norbedo, Stefania and Poropat, Federico},
year = {2018}, 
publisher = {Medico e Bambino}
}