@inbook{Uptodate,
  author    = "Cravero, Joseph P and Roback, Mark G",
  title     = "Selection of medications for pediatric procedural sedation outside of the operating room",
  booktitle = "UpToDate",
  year      = "2022",
  publisher = "UpToDate"
}

@inbook{Uptodatepharmacology,
  author    = "Cravero, Joseph P and Roback, Mark G",
  title     = "Pharmacologic agents for pediatric procedural sedation outside of the operating room",
  booktitle = "UpToDate",
  year      = "2022",
  publisher = "UpToDate"
}