@inbook{Uptodate,
  author    = "Cravero, Joseph P and Roback, Mark G",
  title     = "Selection of medications for pediatric procedural sedation outside of the operating room",
  booktitle = "UpToDate",
  year      = "2022",
  publisher = "UpToDate"
}

@inbook{Uptodatepharmacology,
  author    = "Cravero, Joseph P and Roback, Mark G",
  title     = "Pharmacologic agents for pediatric procedural sedation outside of the operating room",
  booktitle = "UpToDate",
  year      = "2022",
  publisher = "UpToDate"
}


@inbook{Uptodatesed,
  author    = "Cravero, Joseph P and Roback, Mark G",
  title     = "Procedural sedation in children outside of the operating room",
  booktitle = "UpToDate",
  year      = "2022",
  publisher = "UpToDate"
}

@inbook{Statpearls,
  author    = "Stern, J and Pozun, A",
  title     = "Pediatric Procedural Sedation",
  booktitle = "StatPearls",
  year      = "2022",
  publisher = "StatPearls Publishing"
}

@inbook{Uptodatecapno,
  author    = "Krauss, Baruch and Falk, Jay L and Ladde, Jay G",
  title     = "Carbon dioxide monitoring (capnography)",
  booktitle = "UpToDate",
  year      = "2022",
  publisher = "UpToDate"
}